@inproceedings{LiaoSBWL17,
	author    = {Minghui Liao and
		Baoguang Shi and
		Xiang Bai and
		Xinggang Wang and
		Wenyu Liu},
	title     = {TextBoxes: {A} Fast Text Detector with a Single Deep Neural Network},
	booktitle = {AAAI},
	year      = {2017}
}
